@INPROCEEDINGS{hog, 
	author={Dalal, N. and Triggs, B.}, 
	booktitle={Computer Vision and Pattern Recognition, 2005. CVPR 2005. IEEE Computer Society Conference on}, 
	title={Histograms of oriented gradients for human detection}, 
	year={2005}, 
	volume={1}, 
	pages={886-893 vol. 1}, 
	keywords={feature extraction;gradient methods;object detection;object recognition;support vector machines;coarse spatial binning;contrast normalization;edge based descriptors;fine orientation binning;fine-scale gradients;gradient based descriptors;histograms of oriented gradients;human detection;linear SVM;overlapping descriptor;pedestrian database;robust visual object recognition;High performance computing;Histograms;Humans;Image databases;Image edge detection;Object detection;Object recognition;Robustness;Support vector machines;Testing}, 
	doi={10.1109/CVPR.2005.177}, 
	ISSN={1063-6919}, 
	month={June},}
